
@article{Youden1950,
  title={Index for rating diagnostic tests},
  author={Youden, William J.},
  journal={Cancer},
  volume={3},
  number={1},
  pages={32--35},
  year={1950},
  publisher={Wiley Online Library}
}

@misc{resnet2015,
      title={Deep Residual Learning for Image Recognition}, 
      author={Kaiming He and Xiangyu Zhang and Shaoqing Ren and Jian Sun},
      year={2015},
      eprint={1512.03385},
      archivePrefix={arXiv},
      primaryClass={cs.CV}
}

@Article{Schiebler2023,
author={Schiebler, Tassilo
and Apostolova, Ivayla
and Mathies, Franziska Lara
and Lange, Catharina
and Klutmann, Susanne
and Buchert, Ralph},
title={No impact of attenuation and scatter correction on the interpretation of dopamine transporter SPECT in patients with clinically uncertain parkinsonian syndrome},
journal={European Journal of Nuclear Medicine and Molecular Imaging},
year={2023},
month={Sep},
day={01},
volume={50},
number={11},
pages={3302-3312},
abstract={The benefit from attenuation and scatter correction (ASC) of dopamine transporter (DAT)-SPECT for the detection of nigrostriatal degeneration in clinical routine is still a matter of debate. The current study evaluated the impact of ASC on visual interpretation and semi-quantitative analysis of DAT-SPECT in a large patient sample.},
issn={1619-7089},
doi={10.1007/s00259-023-06293-2},
url={https://doi.org/10.1007/s00259-023-06293-2}
}
